% Encoding: windows-1252

@Article{Able1956,
  author  = {Able, B. C.},
  journal = {Nombre de la revista},
  title   = {Nombre del artículo},
  year    = {1956},
  pages   = {7--9},
  volume  = {135},
  doi     = {10.3923/ijbc.2010.190.202},
}

@Article{Able1945,
  author  = {Able, B. C.},
  journal = {Nombre de la revista},
  title   = {Nombre del artículo},
  year    = {1945},
  pages   = {123--126},
  volume  = {35},
  doi     = {10.3923/ijbc.2010.190.202},
}

@Book{Baker1963,
  author    = {Baker, R. C.},
  title   = {Nombre del artículo},
  publisher = {Nombre de la editorial},
  year      = {1963},
  address   = {Lugar de publicación},
  booktitle = {Título del libro},
}

@Article{Baker1963a,
  author  = {Baker, R. C.},
  journal = {Nombre de la revista},
  title   = {Nombre del artículo},
  year    = {1963},
  pages   = {184--186},
  volume  = {34},
  doi     = {10.3923/ijbc.2010.190.202},
}

@Article{Charlie1966,
  author  = {Charlie, F. H. and Routh, M. B.},
  journal = {Nombre de la revista},
  title   = {Nombre del artículo},
  year    = {1966},
  pages   = {267--269},
  volume  = {66},
  doi     = {10.3923/ijbc.2010.190.202},
}

@InCollection{Dog1958,
  author    = {Dog, P. R.},
  title   = {Nombre del artículo},
  booktitle = {Título del libro},
  publisher = {Nombre de la editorial},
  year      = {1958},
  address   = {Lugar de publicación},
  chapter   = {7},
  editor    = {Editor},
  pages     = {56--98},
  volume    = {II},
}

@Book{F.J.Garcia2007,
  author    = {F.J. García, M. Vallés},
  publisher = {Editorial},
  title     = {Nombre del libro},
  year      = {2007},
  address   = {Lugar de publicación},
}

@Book{Garcia2007,
  author    = {F.J. García},
  publisher = {Editorial},
  title     = {Nombre del libro},
  year      = {2007},
  address   = {Lugar de publicación},
}

@Article{Garcia2008,
  author  = {García, F. J. and Martínez, R.},
  journal = {Nombre de la revista},
  title   = {Nombre del artículo},
  year    = {2008},
  pages   = {1--2},
  volume  = {número},
  doi     = {10.3923/ijbc.2010.190.202},
}

@Book{J.L.Sanchez1999,
  author    = {J.L. Sanchez, J. Gracia},
  publisher = {Nombre de la editorial},
  year      = {1999},
  address   = {Lugar de publicación},
  booktitle = {Título del libro},
}

@Book{Keohane1958,
  author    = {R. Keohane},
  title   = {Nombre del artículo},
  publisher = {Nombre editorial},
  year      = {1958},
  address   = {Lugar de publicación},
  booktitle = {Título del libro},
}

@Article{Powers1985,
  author  = {T. Powers},
  journal = {Harpers},
  title   = {Is there a way out?},
  year    = {1985},
  month   = jun,
  pages   = {35--47},
  doi     = {10.3923/ijbc.2010.190.202},
}

@Misc{Solo1989,
  author = {Solo},
  year   = {1989},
}

@Book{Soukhanov1992,
  editor    = {A. H. Soukhanov},
  publisher = {Nombre de la editorial},
  year      = {1992},
  booktitle = {Título del libro},
  editor    = {A. H. Soukhanov},
}

@Comment{jabref-meta: databaseType:bibtex;}
